@misc{intro_algo,
author = {geeksforgeeks.org},
title = {\textit{stable-marriage-problem}},
year = {11 May, 2021 (visité le:05 juin 2021)},
howpublished = "\url{https://www.geeksforgeeks.org/stable-marriage-problem/?fbclid=IwAR2jF7MYi3bRf2JTaws0_TjcyXgaJppOYJOM7VltC9w281hHFqRnRm_-u-M}"}


@misc{inf,
author = {wikepidia},
title = {\textit{The Stable Marriage Problem}},
year = {2021 (visité le:Dimanche 08 MARS 2021)},
howpublished = "\url{https://fr.wikipedia.org/wiki/%C3%89thique_de_l%27informatique}"}


@misc{eef,
author = {Elviwani Elviwani,Andysah Putera Utama Siahaan,Liza Fitriana},
title = {\textit{Performance-based Stable Matching using Gale-Shapley Algorithm}},
year = {January 2018(visité le: 2021)},
howpublished = "\url{https://www.researchgate.net/publication/326373521_Performance-based_Stable_Matching_using_Gale-Shapley_Algorithm?enrichId=rgreq-eb61cb9d5745d5af498048739dc7a6ba-XXX&enrichSource=Y292ZXJQYWdlOzMyNjM3MzUyMTtBUzo2NTI1NjQ5NDkzODUyMTdAMTUzMjU5NTAxNjQ5Mw%3D%3D&el=1_x_2&_esc=publicationCoverPdf}"}



@misc{abstract,
author = {Françoise Forges, Guillaume Haeringer, Vincent Iehlé},
title = {\textit{Appariement : des modèles de Lloyd Shapley à la conception de marchés d'Alvin Roth}},
year = {12/11/2013(visité le: 2021)},
howpublished = "\url{https://www.cairn.info/revue-d-economie-politique-2013-5-page-663.htm?try_download=1}"}



@misc{tj,
author = {wikipédia},
title = {\textit{Théorie des jeux}},
year = {6 juin 2021(visité le: 2021)},
howpublished = "\url{https://fr.wikipedia.org/wiki/Th%C3%A9orie_des_jeux}"}



@misc{Shapley,
author = {wikipédia},
title = {\textit{Lloyd Shapley}},
year = {3 juin 2020 (visité le: 2021)},
howpublished = "\url{https://fr.wikipedia.org/wiki/Lloyd_Shapley}"}



@misc{David_Gale,
author = {wikipédia},
title = {\textit{David Gale}},
year = {9 novembre 2020(visité le: 2021)},
howpublished = "\url{https://fr.wikipedia.org/wiki/David_Gale}"}



@misc{conclusion,
author = {leconomiste},
title = {\textit{Théorie économique du mariage}},
year = {20 janvier 2020(visité le: 2021)},
howpublished = "\url{http://www.leconomiste.eu/decryptage-economie/351-th%C3%A9orie-%C3%A9conomique-du-mariage.html}"}



@misc{def,
author = {Marguerite Flammarion},
title = {\textbf{Rapport de Stage de L3}\textit{Le Problème des Mariages Stables}},
year = {Du 8 au 26 juin 2015(visité le: 2021)},
howpublished = "\url{https://flammarion.eu/uploads/stage.pdf}"}







